<?xml version="1.0" encoding="UTF-8"?><collection xmlns="http://www.loc.gov/MARC21/slim"><record><leader>00549nam--2200193-u-4500</leader><controlfield tag="001">000052934</controlfield><controlfield tag="002">20161230</controlfield><controlfield tag="005">20161230201050</controlfield><controlfield tag="008">101129s1000------------r-----000-0-eng-d</controlfield><datafield ind1=" " ind2=" " tag="020"><subfield code="a">0471984477</subfield></datafield><datafield ind1=" " ind2=" " tag="040"><subfield code="a">IFIN-HH</subfield></datafield><datafield ind1=" " ind2=" " tag="080"><subfield code="a">535</subfield></datafield><datafield ind1="1" ind2=" " tag="100"><subfield code="a">Kress, B</subfield></datafield><datafield ind1="1" ind2="0" tag="245"><subfield code="a">Digital diffractive optics:</subfield><subfield code="b">An introduction to planar diffractive optics and related technology</subfield><subfield code="c">B. kress; p. meyrueis</subfield></datafield><datafield ind1=" " ind2=" " tag="260"><subfield code="a">TORONTO</subfield><subfield code="b">John Wiley &amp; Sons, Ltd</subfield><subfield code="c">2000</subfield></datafield><datafield ind1=" " ind2=" " tag="300"><subfield code="a">372P</subfield></datafield><datafield ind1="1" ind2=" " tag="700"><subfield code="a">Meyrueis, P</subfield></datafield><datafield ind1=" " ind2=" " tag="852"><subfield code="a">81451</subfield><subfield code="c">535</subfield></datafield><datafield ind1=" " ind2=" " tag="CAT"><subfield code="a">Sys</subfield><subfield code="c">20101129</subfield><subfield code="h">161220</subfield></datafield></record></collection>